@book{book_key,
	address = "City",
	author = "Smith, John",
	edition = "1",
	month = "January",
	pages = "123--200",
	publisher = "Publisher",
	series = "{2}",
	title = "{Book title}",
	volume = "3",
	year = "2012"
}

@article{article_key,
	address = "City",
	author = "Smith, James",
	month = "March",
	number = "6",
	pages = "1--8",
	publisher = "Publisher",
	title = "{Article title}",
	volume = "14",
	year = "2013"
}

@book{Bed12,
	address = "S{\~a}o Carlos",
	author = "BEDER, Delano Medeiros",
	isbn = "978-85-7600-290-1",
	publisher = "EdUFSCar",
	series = "{Cole\c{c}{\~a}o UAB - UFSCar}",
	title = "{Engenharia Web : Uma Abordagem Sistem{\'a}tica para o Desenvolvimento de Aplica\c{c}Ãµes Web}",
	year = "2012"
}

@book{Pressman11,
	address = "S{\~a}o Paulo",
	author = "PRESSMAN, R.S.",
	edition = "7a",
	publisher = "Bookman",
	title = "{Engenharia de Software: Uma Abordagem Profissional}",
	year = "2011"
}

@book{Pressman09,
	address = "Rio de Janeiro",
	author = "PRESSMAN, R.S. and LOWE, D.",
	publisher = "LTC",
	title = "{Engenharia Web}",
	year = "2009"
}

@book{BA04,
	address = "Boston",
	author = "BECK, K. and ANDRES, C.",
	publisher = "Addison-Wesley",
	title = "{Extreme Programming Explained: Embrace Change}",
	year = "2009",
	edition = "2a"
}

@book{Schwaber04,
	address = "Washington",
	author = "SCHWABER, K.",
	publisher = "Microsoft Press",
	title = "{Agile Project Management with SCRUM}",
	year = "2004",
}


@article{KP88,
	author = "KRASNER, G. and POPE, S.",
	number = "3",
	pages = "26--49",
	publisher = "Journal of Object-Oriented Programming",
	title = "{A Cookbook for Using the Model-View Controller User Interface
Paradigm in Smalltalk-80}",
	volume = "1",
	year = "1988"
}

@book{Grails,
  title={Grails in Action},
  author={SMITH, G. and LEDBROOK, P.},
  year={2009},
  publisher = {Manning Publications Co.},
  address = {Greenwich, CT, USA},
}

@book{Groovy,
 author = {K{\"O}ENIG, D. and GLOVER, A. and KING, P. and LAFORGE, G. and SKEET, J.},
 title = {Groovy in Action},
 year = {2007},
 publisher = {Manning Publications Co.},
 address = {Greenwich, CT, USA},
} 
